@article{decandia2007,
    title = {Dynamo: Amazon's Highly Available Key-value Store},
    author = {Giuseppe DeCandia and Deniz Hastorun and Madan Jampani and Gunavardhan Kakulapati and Avinash Lakshman and Alex Pilchin and Swaminathan Sivasubramanian and Peter Vosshall and Werner Vogels},
    journal = {SIGOPS Oper. Syst. Rev.},
    volume = {41},
    number = {6},
    month = {12},
    year = {2007},
    issn = {0163-5980},
    pages = {205--220},
    numpages = {16},
    url = {http://doi.acm.org/10.1145/1323293.1294281},
    doi = {10.1145/1323293.1294281},
    publisher = {ACM},
    address = {New York, NY, USA},
    keywords = {performance, reliability, scalability},
}
@article{lamping2014,
    title = {A Fast, Minimal Memory, Consistent Hash Algorithm},
    author = {John Lamping and Eric Veach},
    journal = {arXiv},
    year = {2014},
}
@article{wu2001,
    title = {Notes on Design and Implementation of Compressed Bit Vectors},
    author = {Kesheng Wu and Ekow J. Otoo and Arie Shoshani and Hendrik Nordberg},
    institution = {Lawrence Berkeley National Laboratory},
    month = {September},
    year = {2001},
    url = {https://sdm.lbl.gov/%7Ekewu/ps/PUB-3161.pdf},
}
@book{bazaraa2011,
    title = {Linear Programming and Network Flows},
    author = {Mokhtar S. Bazaraa and John J. Jarvis and Hanif D. Sherali},
    publisher = {John Wiley \& Sons, Inc.},
    edition = {4th},
    year = {2011},
}
@book{cormen2009,
    title = {Introduction to Algorithms},
    edition = {3rd},
    author = {Thomas H. Cormen and Charles E. Leiserson and Ronald L. Rivest and Clifford Stein},
    publisher = {MIT Press},
    year = {2009},
    month = {07},
}
@book{kleppman2017,
    title = {Designing Data-Intensive Applications: The Big Ideas Behind Reliable, Scalable, and Maintainable Systems},
    author = {Martin Kleppmann},
    publisher = {O'Reilly Media},
    edition = {1st},
    year = {2017},
}
@book{tanenbaum1994,
    title = {Distributed Operating Systems},
    author = {Andrew S. Tanenbaum},
    publisher = {Pearson},
    edition = {1st},
    year = {1994},
}
@book{tanenbaum2017,
    title = {Distributed Systems},
    author = {Maarten van Steen and Andrew S. Tanenbaum},
    publisher = {CreateSpace Independent Publishing Platform},
    edition = {3rd},
    year = {2017},
}
@book{zhang2013,
    title = {Distributed Hash Table: Theory, Platforms and Applications},
    author = {Hao Zhang and Yonggang Wen and Haiyong Xie and Nenghai Yu},
    publisher = {Springer-Verlag New York},
    year = {2013},
    doi = {10.1007/978-1-4614-9008-1},
}
@inproceedings{karger1997,
    author = {David Karger and Eric Lehman and Tom Leighton and Matthew Levine and Daniel Lewin and Rina Panigrahy},
    year = {1997},
    title = {Consistent Hashing and Random Trees: Distributed Caching Protocols for Relieving Hot Spots on the World Wide Web},
    booktitle = {Proceedings of the Twenty-ninth Annual ACM Symposium on Theory of Computing},
    series = {STOC '97},
    pages = {654--663},
    address = {New York, NY, USA},
    publisher = {ACM},
    doi = {10.1145/258533.258660},
}
@inproceedings{guzun2014,
    author = {Gheorghi Guzun and Guadalupe Canahuate and David Chiu and Jason Sawin},
    year = {2014},
    title = {A Tunable Aligned Compression Framework for Bitmap Indices},
    booktitle = {Proceedings of the 30th IEEE International Conference on Data Engineering},
    series = {ICDE '14},
    address = {Chicago, IL.},
    publisher = {IEEE},
}
@techreport{pilosa,
    author = {Pilosa},
    title = {White Paper: Pilosa: A Technical Overview},
    institution = {Pilosa},
    month = {December},
    year = {2017},
    url = {https://www.pilosa.com/pdf/PILOSA%20-%20Technical%20White%20Paper.pdf},
}
@misc{bstPredecessorSuccessor,
    author = {{Geeks for Geeks}},
    title = {{Inorder predecessor and successor for a given key in BST}},
    howpublished = {\url{https://www.geeksforgeeks.org/inorder-predecessor-successor-given-key-bst/}},
}
@misc{redis,
    author = {Salvatore Sanfilippo},
    title = {Redis},
    howpublished = {\url{https://github.com/antirez/redis}},
    year = {2018},
}
@misc{roaring,
    author = {{RoaringBitmap}},
    title = {Roaring Bitmaps},
    howpublished = {\url{https://github.com/RoaringBitmap}},
    year = {2018},
}
@misc{rpcgen,
    author = {{Oracle}},
    title = {ONC+ RPC Developer's Guide},
    howpublished = {\url{https://docs.oracle.com/cd/E36784_01/html/E36862/index.html}},
    year = {2014},
}
@misc{unixSystemV,
    author = {{Oracle}},
    title = {System V IPC},
    howpublished = {\url{https://docs.oracle.com/cd/E19455-01/806-4750/6jdqdfltg/index.html}},
    year = {2010},
}
@misc{tpcc,
    author = {Francois Raab and Walt Kohler and Amitabh Shah},
    title = {Overview of the TPC-C Benchmark, The Order-Entry Benchmark},
    howpublished = {\url{http://www.tpc.org/tpcc/detail.asp}},
    year = {2018}
}
@misc{voldemort,
    author = {{Project Voldemort}},
    title = {Project Voldemort: A distributed database.},
    howpublished = {\url{http://www.project-voldemort.com/voldemort/design.html}},
    year = {2017}
}
@book{stevens1999,
    author = {W. Richard Stevens},
    year = {1999},
    publisher = {Prentice-Hall Inc.},
    edition = {Second},
    title = {UNIX Network Programming, Volume 2: Interprocess Communication}
}
